@misc{phantomjs, title={PhantomJS}, note={[2017] \url{http://phantomjs.org}. Cit. [12. 5. 2017]}, author={Ariya Hidayat}}

@misc{casperjs, title={CasperJS, a navigation scripting and testing utility for PhantomJS and SlimerJS}, note={[2016] \url{http://casperjs.org}. Cit. [12. 5. 2017]}, author={Nicolas Perriault}}

